<record><leader>00000cas a22000007i 4500</leader><controlfield tag="001">192107214</controlfield><controlfield tag="006">m     o  d        </controlfield><controlfield tag="007">cr |n||||||||n</controlfield><controlfield tag="008">080109d18281829gauwr neo     0   a0eng d</controlfield><datafield ind1=" " ind2=" " tag="010"><subfield code="a">  2017218631</subfield></datafield><datafield ind1=" " ind2=" " tag="040"><subfield code="a">GNINE</subfield><subfield code="b">eng</subfield><subfield code="c">GNINE</subfield><subfield code="d">OCLCQ</subfield><subfield code="d">OCLCG</subfield><subfield code="d">VOD</subfield><subfield code="d">CUI</subfield><subfield code="d">OCLCA</subfield><subfield code="d">OCLCF</subfield><subfield code="d">OCLCQ</subfield><subfield code="d">CPO</subfield><subfield code="d">DLC</subfield></datafield><datafield ind1="0" ind2=" " tag="022"><subfield code="a">2574-5719</subfield><subfield code="2">1</subfield></datafield><datafield ind1="0" ind2=" " tag="041"><subfield code="a">eng</subfield><subfield code="a">chr</subfield></datafield><datafield ind1=" " ind2=" " tag="042"><subfield code="a">msc</subfield><subfield code="a">nsdp</subfield></datafield><datafield ind1=" " ind2=" " tag="043"><subfield code="a">n-us-ga</subfield></datafield><datafield ind1="1" ind2="0" tag="050"><subfield code="a">ISSN RECORD</subfield></datafield><datafield ind1="1" ind2="4" tag="050"><subfield code="a">AN1</subfield><subfield code="b">.A15</subfield></datafield><datafield ind1="1" ind2="0" tag="082"><subfield code="a">071</subfield><subfield code="2">23</subfield></datafield><datafield ind1="0" ind2=" " tag="130"><subfield code="a">Cherokee phoenix (New Echota, Ga.)</subfield></datafield><datafield ind1=" " ind2="0" tag="222"><subfield code="a">Cherokee phoenix</subfield><subfield code="b">(New Echota, Ga. Online)</subfield></datafield><datafield ind1="1" ind2="0" tag="245"><subfield code="a">Cherokee phoenix.</subfield></datafield><datafield ind1=" " ind2="1" tag="264"><subfield code="a">New Echota [Ga.] :</subfield><subfield code="b">Isaac H. Harris,</subfield><subfield code="c">1828-1829.</subfield></datafield><datafield ind1=" " ind2=" " tag="300"><subfield code="a">1 online resource</subfield></datafield><datafield ind1=" " ind2=" " tag="310"><subfield code="a">Weekly</subfield></datafield><datafield ind1=" " ind2=" " tag="336"><subfield code="a">text</subfield><subfield code="b">txt</subfield><subfield code="2">rdacontent</subfield></datafield><datafield ind1=" " ind2=" " tag="337"><subfield code="a">computer</subfield><subfield code="b">c</subfield><subfield code="2">rdamedia</subfield></datafield><datafield ind1=" " ind2=" " tag="338"><subfield code="a">online resource</subfield><subfield code="b">cr</subfield><subfield code="2">rdacarrier</subfield></datafield><datafield ind1="1" ind2=" " tag="362"><subfield code="a">Began with: Vol. I, no. 1 (February 21, 1828); ceased with: Vol. I, no. 47 (February 4, 1829).</subfield></datafield><datafield ind1=" " ind2=" " tag="500"><subfield code="a">Reproduction of original from Georgia Newspaper Project, University of Georgia Libraries.</subfield></datafield><datafield ind1=" " ind2=" " tag="546"><subfield code="a">In English and Cherokee.</subfield></datafield><datafield ind1=" " ind2=" " tag="588"><subfield code="a">Description based on: Vol. I, no. 3 (March 6, 1829); title from masthead (Chroniclingamerica.loc.gov, viewed August 30, 2017).</subfield></datafield><datafield ind1=" " ind2=" " tag="588"><subfield code="a">Latest issue consulted: Vol. I, no. 47 (February 4, 1829) (Chroniclingamerica.loc.gov, viewed August 30, 2017).</subfield></datafield><datafield ind1=" " ind2="0" tag="650"><subfield code="a">Cherokee Indians</subfield><subfield code="z">Georgia</subfield><subfield code="v">Newspapers.</subfield></datafield><datafield ind1=" " ind2="0" tag="650"><subfield code="a">Indians of North America</subfield><subfield code="z">Georgia</subfield><subfield code="v">Newspapers.</subfield></datafield><datafield ind1=" " ind2="0" tag="651"><subfield code="a">Gordon County (Ga.)</subfield><subfield code="v">Newspapers.</subfield></datafield><datafield ind1=" " ind2="7" tag="650"><subfield code="a">Cherokee Indians.</subfield><subfield code="2">fast</subfield><subfield code="0">(OCoLC)fst00853662</subfield></datafield><datafield ind1=" " ind2="7" tag="650"><subfield code="a">Indians of North America.</subfield><subfield code="2">fast</subfield><subfield code="0">(OCoLC)fst00969633</subfield></datafield><datafield ind1=" " ind2="7" tag="651"><subfield code="a">Georgia.</subfield><subfield code="2">fast</subfield><subfield code="0">(OCoLC)fst01204622</subfield></datafield><datafield ind1=" " ind2="7" tag="651"><subfield code="a">Georgia</subfield><subfield code="z">Gordon County.</subfield><subfield code="2">fast</subfield><subfield code="0">(OCoLC)fst01211769</subfield></datafield><datafield ind1=" " ind2="7" tag="655"><subfield code="a">Newspapers.</subfield><subfield code="2">fast</subfield><subfield code="0">(OCoLC)fst01423814</subfield></datafield><datafield ind1="1" ind2=" " tag="700"><subfield code="a">Boudinot, Elias,</subfield><subfield code="d">-1839.</subfield></datafield><datafield ind1=" " ind2=" " tag="752"><subfield code="a">United States</subfield><subfield code="b">Georgia</subfield><subfield code="c">Gordon</subfield><subfield code="d">Echota.</subfield></datafield><datafield ind1="0" ind2="8" tag="776"><subfield code="i">Originally issued in print:</subfield><subfield code="t">Cherokee phoenix (New Echota, Ga.)</subfield><subfield code="x">2574-5700</subfield><subfield code="w">(DLC)sn 83020866</subfield><subfield code="w">(OCoLC)9600630</subfield></datafield><datafield ind1="0" ind2="0" tag="785"><subfield code="t">Cherokee phoenix, and Indians' advocate</subfield><subfield code="x">2574-5735</subfield><subfield code="w">(DLC)  2017218632</subfield><subfield code="w">(OCoLC)600273242</subfield></datafield><datafield ind1="4" ind2=" " tag="856"><subfield code="u">http://gale.cengage.com/usnewspapers/</subfield><subfield code="z">Available to subscribing institutions</subfield></datafield><datafield ind1="4" ind2=" " tag="856"><subfield code="u">http://proxy.library.cpp.edu/login?url=http://infotrac.galegroup.com/itw/infomark/1/1/1/purl=rc18_NCNP_0__Cherokee%20Phoenix%20(New%20Echota,%20GA)?sw_aep=los53368</subfield><subfield code="z">View this publication's electronic version</subfield></datafield><datafield ind1="4" ind2="0" tag="856"><subfield code="u">http://www.loc.gov/chroniclingamerica/lccn/sn83020866/issues</subfield></datafield><datafield ind1="1" ind2=" " tag="029"><subfield code="a">AU@</subfield><subfield code="b">000043749822</subfield></datafield></record>